@article{VLQ_contur,
   title="{New sensitivity of current LHC measurements to vector-like quarks}",
   volume={9},
   ISSN={2542-4653},
   url={http://dx.doi.org/10.21468/SciPostPhys.9.5.069},
   DOI={10.21468/scipostphys.9.5.069},
   number={5},
   journal={SciPost Physics},
   publisher={Stichting SciPost},
   author={Buckley, Andy and Butterworth, Jonathan and Corpe, Louie and Huang, Danping and Sun, Puwen},
   year={2020},
   month={Nov}
}
%% B-L contur
@article{BLcontur,
   title="{LHC constraints on a $B-L$ gauge model using Contur}",
   volume={2019},
   ISSN={1029-8479},
   url={http://dx.doi.org/10.1007/JHEP05(2019)154},
   DOI={10.1007/jhep05(2019)154},
   number={5},
   journal={Journal of High Energy Physics},
   publisher={Springer Science and Business Media LLC},
   author={Amrith, S. and Butterworth, J. M. and Deppisch, F. F. and Liu, W. and Varma, A. and Yallup, D.},
   year={2019},
   month={May}
}
%% Huang qualification task
@techreport{Huang:2676143,
      author        = "Huang, Dan Ping",
      title         = "{Validation of V+jets production in Herwig7 with NLO
                       multi-jet merging}",
      institution   = "CERN",
      address       = "Geneva",
      reportNumber  = "ATL-COM-PHYS-2019-620",
      month         = "Mar",
      year          = "2019",
      howpublished  = "\url{https://cds.cern.ch/record/2676143}",
}
%% Tikz figure of SM
@misc{Galbraith,
        author      =   "David Galbraith",
        title=â€œ{Standard Model tikz diagram}",
        howpublished={\url{http://davidgalbraith.org/portfolio/ux-standard-model-of-the-standard-model/}},
        year={2021}
}