%% Obtained via the getNewBibTeX script and the SPIRES biblio service

@misc{vretenar2012radio,
      title={Radio frequency for particle accelerators: evolution and anatomy of a technology}, 
      author={M. Vretenar},
      year={2012},
      eprint={1201.2345},
      archivePrefix={arXiv},
      primaryClass={physics.acc-ph}
}

@book{Kar:ab1be6,
author = {Kar, Deepak},
title = {Experimental Particle Physics},
publisher = {IOP Publishing},
year = {2019},
series = {2053-2563},
isbn = {978-0-7503-2112-9},
abstract = {This book is written for advanced undergraduate or beginning postgraduate student starting data analysis in experimental particle physics, more specifically at the Large Hadron Collider (LHC) at CERN. Only assuming basic knowledge of quantum mechanics and special relativity, it recaps the current state of affairs in particle physics, before comprehensively introducing all the ingredients that go into an analysis. Including how each we go from electronic signals in the detectors to visualising what particles were produced in a collision, and how we determine if that is consistent with Standard Model predictions or indicate the presence of yet unseen particles. The results are usually represented in what we call plots, and the book ensures students can understand what goes into the making of the plots, and how to interpret them.},
url = {http://dx.doi.org/10.1088/2053-2563/ab1be6},
doi = {10.1088/2053-2563/ab1be6}
}

@article{Glover:194539,
      author        = "Glover, E W Nigel and Van der Bij, Jochum J",
      title         = "{Z-boson pair production via gluon fusion}",
      journal       = "Nucl. Phys. B",
      number        = "CERN-TH-5248-88",
      volume        = "321",
      pages         = "561-590. 44 p",
      month         = "Dec",
      year          = "1988",
      url           = "https://cds.cern.ch/record/194539",
      doi           = "10.1016/0550-3213(89)90262-9",
}

@misc{zotov2012small,
      title={Small x physics and hard QCD processes at LHC}, 
      author={Nikolay P. Zotov},
      year={2012},
      eprint={1201.4144},
      archivePrefix={arXiv},
      primaryClass={hep-ph}
}

@techreport{Becker:2230817,
      author        = "Becker, Maurice and Buttinger, William and Geng, Cong and
                       Nurse, Emily and Penc, Ondrej and Richter, Stefan and
                       Rosten, Jonatan and Skorda, Eleni and Kordas, Kostantinos
                       and Leisos, Antonios and Zhou, Bing",
      title         = "{Differential $ZZ \rightarrow 4 \ell$ cross section
                       measurements and aTGC search in 13 TeV proton-proton
                       collisions with the ATLAS detector}",
      institution   = "CERN",
      address       = "Geneva",
      number        = "ATL-COM-PHYS-2016-1584",
      month         = "Nov",
      year          = "2016",
      reportNumber  = "ATL-COM-PHYS-2016-1584",
      url           = "https://cds.cern.ch/record/2230817",
}

@article{Campbell_2016,
   title={Two loop correction to interference in gg â†’ ZZ},
   volume={2016},
   ISSN={1029-8479},
   url={http://dx.doi.org/10.1007/JHEP08(2016)011},
   DOI={10.1007/jhep08(2016)011},
   number={8},
   journal={Journal of High Energy Physics},
   publisher={Springer Science and Business Media LLC},
   author={Campbell, John M. and Ellis, R. Keith and Czakon, Michal and Kirchner, Sebastian},
   year={2016},
   month={Aug}
}

@article{Caola_2013,
   title={Constraining the Higgs boson width withZZproduction at the LHC},
   volume={88},
   ISSN={1550-2368},
   url={http://dx.doi.org/10.1103/PhysRevD.88.054024},
   DOI={10.1103/physrevd.88.054024},
   number={5},
   journal={Physical Review D},
   publisher={American Physical Society (APS)},
   author={Caola, Fabrizio and Melnikov, Kirill},
   year={2013},
   month={Sep}
}

@article{Cacciapaglia_2014,
   title={Higgs Couplings: Disentangling New Physics with Off-Shell Measurements},
   volume={113},
   ISSN={1079-7114},
   url={http://dx.doi.org/10.1103/PhysRevLett.113.201802},
   DOI={10.1103/physrevlett.113.201802},
   number={20},
   journal={Physical Review Letters},
   publisher={American Physical Society (APS)},
   author={Cacciapaglia, Giacomo and Deandrea, Aldo and La Rochelle, Guillaume Drieu and Flament, Jean-Baptiste},
   year={2014},
   month={Nov}
}

@misc{varnes2016poisson,
      title={A Poisson likelihood approach to fake lepton estimation with the matrix method}, 
      author={Erich W. Varnes},
      year={2016},
      eprint={1606.06817},
      archivePrefix={arXiv},
      primaryClass={hep-ex}
}

@Article{Phys.Rev.Lett.19.1264,
     author    = "Weinberg, Steven",
     title     = "A MODEL OF LEPTONS",
     journal   = "Phys. Rev. Lett.",
     volume    = "19",
     year      = "1967",
     pages     = "1264-1266",
     SLACcitation  = "%%CITATION = PRLTA,19,1264;%%"
}

@Article{Phys.Rev.D2.1285,
     author    = "Glashow, S. L. and Iliopoulos, J. and Maiani, L.",
     title     = "WEAK INTERACTIONS WITH LEPTON - HADRON SYMMETRY",
     journal   = "Phys. Rev.",
     volume    = "D2",
     year      = "1970",
     pages     = "1285-1292",
     SLACcitation  = "%%CITATION = PHRVA,D2,1285;%%"
}

@Article{hep-ph/0410370,
     author    = "Willenbrock, Scott",
     title     = "Symmetries of the standard model",
     year      = "2004",
     eprint    = "hep-ph/0410370",
     SLACcitation  = "%%CITATION = HEP-PH 0410370;%%"
}

@Article{Brianti:2004qq,
     author    = "Brianti, G.",
     title     = "The Large Hadron Collider project: Historical account",
     journal   = "Phys. Rept.",
     volume    = "403-404",
     year      = "2004",
     pages     = "349-364",
     SLACcitation  = "%%CITATION = PRPLC,403-404,349;%%"
}

@Article{Amato:1998xt,
     author    = "Amato, S. and others",
 collaboration = "LHCb",
     title     = "LHCb technical proposal",
     note     = "CERN-LHCC-98-4"
}

@Misc{hepthesis,
     author = "Buckley, Andy",
     title  = "The hepthesis {\LaTeX} class"
}
